@inproceedings{feldman2010sporc,
  title={SPORC: Group Collaboration using Untrusted Cloud Resources.},
  author={Feldman, Ariel J and Zeller, William P and Freedman, Michael J and Felten, Edward W},
  booktitle={OSDI},
  volume={10},
  pages={337--350},
  year={2010}
}
@inproceedings{popa2011cryptdb,
  title={CryptDB: protecting confidentiality with encrypted query processing},
  author={Popa, Raluca Ada and Redfield, Catherine and Zeldovich, Nickolai and Balakrishnan, Hari},
  booktitle={Proceedings of the Twenty-Third ACM Symposium on Operating Systems Principles},
  pages={85--100},
  year={2011},
  organization={ACM}
}
@article{bessani2013depsky,
  title={DepSky: dependable and secure storage in a cloud-of-clouds},
  author={Bessani, Alysson and Correia, Miguel and Quaresma, Bruno and Andr{\'e}, Fernando and Sousa, Paulo},
  journal={ACM Transactions on Storage (TOS)},
  volume={9},
  number={4},
  pages={12},
  year={2013},
  publisher={ACM}
}
@inproceedings{malkhi2004fairplay,
  title={Fairplay-Secure Two-Party Computation System.},
  author={Malkhi, Dahlia and Nisan, Noam and Pinkas, Benny and Sella, Yaron and others},
  booktitle={USENIX Security Symposium},
  volume={4},
  pages={9},
  year={2004},
  organization={San Diego, CA, USA}
}
@inproceedings{cachin2018stateful,
  title={Stateful multi-client verifiable computation},
  author={Cachin, Christian and Ghosh, Esha and Papadopoulos, Dimitrios and Tackmann, Bj{\"o}rn},
  booktitle={International Conference on Applied Cryptography and Network Security},
  pages={637--656},
  year={2018},
  organization={Springer}
}
@inproceedings{felsch2017secret,
  title={SECRET: On the Feasibility of a Secure, Efficient, and Collaborative Real-Time Web Editor},
  author={Felsch, Dennis and Mainka, Christian and Mladenov, Vladislav and Schwenk, J{\"o}rg},
  booktitle={Proceedings of the 2017 ACM on Asia Conference on Computer and Communications Security},
  pages={835--848},
  year={2017},
  organization={ACM}
}
@inproceedings{shoker2017secure,
  title={As secure as possible eventual consistency: Work in progress},
  author={Shoker, Ali and Yactine, Houssam and Baquero, Carlos},
  booktitle={Proceedings of the 3rd International Workshop on Principles and Practice of Consistency for Distributed Data},
  pages={5},
  year={2017},
  organization={ACM}
}
@article{kollmann2019snapdoc,
  title={Snapdoc: Authenticated snapshots with history privacy in peer-to-peer collaborative editing},
  author={Kollmann, Stephan Alexander and Kleppmann, Martin and Beresford, Alastair},
  journal={Proceedings on Privacy Enhancing Technologies},
  volume={2019},
  number={3},
  pages={1--23},
  year={2019}
}
@misc{antidotedb,
author = {AntidoteDB},
title = {{AntidoteDB: A planet scale, highly available, transactional database}},
howpublished = {\url{https://www.antidotedb.eu/}},
year = {2019}
}
@article{act1996health,
  title={Health insurance portability and accountability act of 1996},
  author={Act, Accountability},
  journal={Public law},
  volume={104},
  pages={191},
  year={1996}
}
@article{regulation2016regulation,
  title={Regulation (EU) 2016/679 of the European Parliament and of the Council of 27 April 2016 on the protection of natural persons with regard to the processing of personal data and on the free movement of such data, and repealing Directive 95/46},
  author={Regulation, General Data Protection},
  journal={Official Journal of the European Union (OJ)},
  volume={59},
  number={1-88},
  pages={294},
  year={2016}
}
@misc{lol,
author = {Michal Ptaszek},
title = {{Scaling LoL Chat to 70 Million Players}},
howpublished = {\url{https://www.slideshare.net/michalptaszek/strange-loop-presentation}},
year = {2014}
}
@misc{xray,
author = {GitHub},
title = {{Xray: An experimental next-generation Electron-based text editor}},
howpublished = {\url{https://github.com/atom-archive/xray}},
year = {2019}
}
@misc{Riak,
author = {RIAK},
title = {{RIAK Documentation: Data Types}},
howpublished = {\url{https://docs.riak.com/riak/kv/2.2.3/learn/concepts/crdts/}},
year = {2019}
}
@misc{AppleNotes,
author = {Steve Dunham},
title = {{Notes on Notes.app}},
howpublished = {\url{https://github.com/dunhamsteve/notesutils/blob/master/notes.md}},
year = {2018}
}
@misc{MicrosoftCosmos,
author = {Rimma Nehme},
title = {{Azure \#CosmosDB @ Build 2018: The catalyst for next generation apps}},
howpublished = {\url{https://azure.microsoft.com/en-us/blog/azure-cosmosdb-build-2018-the-catalyst-for-next-generation-apps/?_lrsc=996193e3-e253-4a89-a50a-0b105862c2e6}},
year = {2018}
}
@misc{FacebookApollo,
author = {Sander Mak},
title = {{Facebook Announces Apollo at QCon NY 2014}},
howpublished = {\url{https://dzone.com/articles/facebook-announces-apollo-qcon}},
year = {2014}
}
@misc{GoogleXiEditor,
author = {Google},
title = {{xi-editor: A modern editor with a backend written in Rust}},
howpublished = {\url{https://opensource.google/projects/xi-editor}},
year = {2018}
}
@book{cachin2011introduction,
  title={Introduction to reliable and secure distributed programming},
  author={Cachin, Christian and Guerraoui, Rachid and Rodrigues, Lu{\'\i}s},
  year={2011},
  publisher={Springer Science \& Business Media}
}
@inproceedings{shapiro2011conflict,
  title={Conflict-free replicated data types},
  author={Shapiro, Marc and Pregui{\c{c}}a, Nuno and Baquero, Carlos and Zawirski, Marek},
  booktitle={Symposium on Self-Stabilizing Systems},
  pages={386--400},
  year={2011},
  organization={Springer}
}

@inproceedings{canetti2002universally,
  title={Universally composable two-party and multi-party secure computation},
  author={Canetti, Ran and Lindell, Yehuda and Ostrovsky, Rafail and Sahai, Amit},
  booktitle={Proceedings of the thiry-fourth annual ACM symposium on Theory of computing},
  pages={494--503},
  year={2002},
  organization={ACM}
}

@inproceedings{Cachin2007,
  doi = {10.1145/1281100.1281121},
  url = {https://doi.org/10.1145/1281100.1281121},
  year = {2007},
  publisher = {{ACM} Press},
  author = {Christian Cachin and Abhi Shelat and Alexander Shraer},
  title = {Efficient fork-linearizable access to untrusted shared memory},
  booktitle = {Proceedings of the twenty-sixth annual {ACM} symposium on Principles of distributed computing - {PODC} {\textquotesingle}07}
}

@inproceedings{balegas2015extending,
  title={Extending eventually consistent cloud databases for enforcing numeric invariants},
  author={Balegas, Valter and Serra, Diogo and Duarte, Sergio and Ferreira, Carla and Shapiro, Marc and Rodrigues, Rodrigo and Pregui{\c{c}}a, Nuno},
  booktitle={2015 IEEE 34th Symposium on Reliable Distributed Systems (SRDS)},
  pages={31--36},
  year={2015},
  organization={IEEE}
}

@article{shapiro2018just,
  title={Just-Right Consistency: reconciling availability and safety},
  author={Shapiro, Marc and Bieniusa, Annette and Pregui{\c{c}}a, Nuno and Balegas, Valter and Meiklejohn, Christopher},
  journal={arXiv preprint arXiv:1801.06340},
  year={2018}
}

@article{preguicca2018conflict,
  title={Conflict-free Replicated Data Types: An Overview},
  author={Pregui{\c{c}}a, Nuno},
  journal={arXiv preprint arXiv:1806.10254},
  year={2018}
}

@article{o1986escrow,
  title={The escrow transactional method},
  author={O'Neil, Patrick E},
  journal={ACM Transactions on Database Systems (TODS)},
  volume={11},
  number={4},
  pages={405--430},
  year={1986},
  publisher={ACM}
}

@article{balegas2015extending_arxiv,
  title={Extending Eventually Consistent Cloud Databases for Enforcing Numeric Invariants},
  author={Balegas, Valter and Serra, Diogo and Duarte, S{\'e}rgio and Ferreira, Carla and Rodrigues, Rodrigo and Pregui{\c{c}}a, Nuno and Shapiro, Marc and Najafzadeh, Mahsa},
  journal={arXiv preprint arXiv:1503.09052},
  year={2015}
}

@article{lamport1978time,
  title={Time, clocks, and the ordering of events in a distributed system},
  author={Lamport, Leslie},
  journal={Communications of the ACM},
  volume={21},
  number={7},
  pages={558--565},
  year={1978},
  publisher={ACM}
}

@article{shapiro2011comprehensive,
  title={A comprehensive study of convergent and commutative replicated data types},
  author={Shapiro, Marc and Pregui{\c{c}}a, Nuno and Baquero, Carlos and Zawirski, Marek},
  year={2011}
}

@inproceedings{canetti2001universally,
  title={Universally composable security: A new paradigm for cryptographic protocols},
  author={Canetti, Ran},
  booktitle={Proceedings 42nd IEEE Symposium on Foundations of Computer Science},
  pages={136--145},
  year={2001},
  organization={IEEE}
}

@inproceedings{bellare2007deterministic,
  title={Deterministic and efficiently searchable encryption},
  author={Bellare, Mihir and Boldyreva, Alexandra and Oâ€™Neill, Adam},
  booktitle={Annual International Cryptology Conference},
  pages={535--552},
  year={2007},
  organization={Springer}
}

@inproceedings{gentry2009fully,
  title={Fully homomorphic encryption using ideal lattices.},
  author={Gentry, Craig and others},
  booktitle={Stoc},
  volume={9},
  number={2009},
  pages={169--178},
  year={2009}
}

@inproceedings{damgaard2012multiparty,
  title={Multiparty computation from somewhat homomorphic encryption},
  author={Damg{\aa}rd, Ivan and Pastro, Valerio and Smart, Nigel and Zakarias, Sarah},
  booktitle={Annual Cryptology Conference},
  pages={643--662},
  year={2012},
  organization={Springer}
}

@inproceedings{damgaard2010multiparty,
  title={Multiparty computation for dishonest majority: From passive to active security at low cost},
  author={Damg{\aa}rd, Ivan and Orlandi, Claudio},
  booktitle={Annual Cryptology Conference},
  pages={558--576},
  year={2010},
  organization={Springer}
}

@inproceedings{bogdanov2008sharemind,
  title={Sharemind: A framework for fast privacy-preserving computations},
  author={Bogdanov, Dan and Laur, Sven and Willemson, Jan},
  booktitle={European Symposium on Research in Computer Security},
  pages={192--206},
  year={2008},
  organization={Springer}
}
